<record><leader>00000cas a22000007a 4500</leader><controlfield tag="001">13365392</controlfield><controlfield tag="008">860331d18531860paudn ne      0    0eng d</controlfield><datafield ind1=" " ind2=" " tag="010"><subfield code="a">sn 86081235 </subfield></datafield><datafield ind1=" " ind2=" " tag="040"><subfield code="a">NPH</subfield><subfield code="b">eng</subfield><subfield code="c">NPH</subfield><subfield code="d">YOX</subfield><subfield code="d">OCL</subfield><subfield code="d">OCLCQ</subfield><subfield code="d">OCLCF</subfield><subfield code="d">OCLCO</subfield></datafield><datafield ind1=" " ind2=" " tag="042"><subfield code="a">msc</subfield></datafield><datafield ind1=" " ind2=" " tag="043"><subfield code="a">n-us-pa</subfield></datafield><datafield ind1="0" ind2=" " tag="130"><subfield code="a">Freiheits Freund (Pittsburgh, Pa. : 1853)</subfield></datafield><datafield ind1="1" ind2="0" tag="245"><subfield code="a">Freiheits Freund.</subfield></datafield><datafield ind1="3" ind2="0" tag="246"><subfield code="a">Freiheitsfreund</subfield></datafield><datafield ind1="1" ind2="3" tag="246"><subfield code="a">Freedom's friend</subfield></datafield><datafield ind1=" " ind2=" " tag="260"><subfield code="a">Pittsburg [Pa.] :</subfield><subfield code="b">L. &amp; W. Neeb,</subfield><subfield code="c">1853-1860.</subfield></datafield><datafield ind1=" " ind2=" " tag="300"><subfield code="a">13 v.</subfield></datafield><datafield ind1=" " ind2=" " tag="310"><subfield code="a">Daily (except Sunday)</subfield></datafield><datafield ind1="0" ind2=" " tag="362"><subfield code="a">20. Juni, 1853-29. Sept., 1860.</subfield></datafield><datafield ind1=" " ind2=" " tag="515"><subfield code="a">Issues for 20. Juni, 1853-22. Sept., 1860 called also Jahrg. 1, Nr. 1-Jahrg. 13, Nr. 79.</subfield></datafield><datafield ind1=" " ind2=" " tag="515"><subfield code="a">Issues for Sept. 24-29, 1860 drop numbering designation and carry vol. designation only.</subfield></datafield><datafield ind1=" " ind2=" " tag="580"><subfield code="a">Merged with: Pittsburger Courier (Pittsburgh, Pa. : Daily) (non-extant) to form: Freiheits Freund und Pittsburger Courier (Pittsburgh, Pa. : Daily).</subfield></datafield><datafield ind1=" " ind2="0" tag="650"><subfield code="a">Germans</subfield><subfield code="z">Pennsylvania</subfield><subfield code="v">Newspapers.</subfield></datafield><datafield ind1=" " ind2="0" tag="650"><subfield code="a">German Americans</subfield><subfield code="z">Pennsylvania</subfield><subfield code="v">Newspapers.</subfield></datafield><datafield ind1=" " ind2="0" tag="651"><subfield code="a">Pittsburgh (Pa.)</subfield><subfield code="v">Newspapers.</subfield></datafield><datafield ind1=" " ind2="7" tag="655"><subfield code="a">Newspapers.</subfield><subfield code="2">fast</subfield><subfield code="0">(OCoLC)fst01423814</subfield></datafield><datafield ind1=" " ind2="7" tag="650"><subfield code="a">German Americans.</subfield><subfield code="2">fast</subfield><subfield code="0">(OCoLC)fst00941308</subfield></datafield><datafield ind1=" " ind2="7" tag="650"><subfield code="a">Germans.</subfield><subfield code="2">fast</subfield><subfield code="0">(OCoLC)fst00942100</subfield></datafield><datafield ind1=" " ind2="7" tag="651"><subfield code="a">Pennsylvania.</subfield><subfield code="2">fast</subfield><subfield code="0">(OCoLC)fst01204598</subfield></datafield><datafield ind1=" " ind2="7" tag="651"><subfield code="a">Pennsylvania</subfield><subfield code="z">Pittsburgh.</subfield><subfield code="2">fast</subfield><subfield code="0">(OCoLC)fst01205171</subfield></datafield><datafield ind1=" " ind2=" " tag="752"><subfield code="a">United States</subfield><subfield code="b">Pennsylvania</subfield><subfield code="c">Allegheny</subfield><subfield code="d">Pittsburgh.</subfield></datafield><datafield ind1="0" ind2=" " tag="775"><subfield code="t">Freiheits-Freund und Pittsburger Beobachter (Pittsburgh, Pa. : Weekly)</subfield><subfield code="w">(DLC)sn 86081233</subfield></datafield><datafield ind1="0" ind2="0" tag="780"><subfield code="t">Ta&#776;gliche Freiheitsfreund</subfield><subfield code="w">(DLC)sn 86081234</subfield></datafield><datafield ind1="1" ind2="7" tag="785"><subfield code="t">Pittsburger Courier (Pittsburgh, Pa. : Daily)</subfield></datafield><datafield ind1="1" ind2="7" tag="785"><subfield code="t">Freiheits Freund und Pittsburger Courier (Pittsburgh, Pa. : Daily)</subfield></datafield></record>